%% This BibTeX bibliography file was created using BibDesk.
%% http://bibdesk.sourceforge.net/


%% Created for Lauro Cesar Araujo at 2015-04-27 19:43:45 -0300 


%% Saved with string encoding Unicode (UTF-8) 



@misc{calendario,
  organization = {Instituto Federal de S\~ao Paulo de Educa{\c c}\~ao, Ci\^encia
                  e Tecnologia},
  org-short = {IFSP},
  Howpublished = {Site do Campus São Paulo},
  Title = {Calendário 2024 Pós-greve},
  Subtitle = {Cursos Superiores de Graduação},
  Url = {
         https://spo.ifsp.edu.br/images/phocadownload/DOCUMENTOS_MENU_LATERAL_FIXO/ENSINO/Calend%C3%A1rios_acad%C3%AAmicos/2024/reposicao_11_set2024/Gradua%C3%A7%C3%A3o_-_turmas_n%C3%A3o_concluintes_e_alunos_ingressantes_versao11set2024.pdf
         },
  Urlaccessdate = {25 set 2024},
  Year = {2024},
  Bdsk-Url-1 = {
                https://spo.ifsp.edu.br/images/phocadownload/DOCUMENTOS_MENU_LATERAL_FIXO/ENSINO/Calend%C3%A1rios_acad%C3%AAmicos/2024/reposicao_11_set2024/Gradua%C3%A7%C3%A3o_-_turmas_n%C3%A3o_concluintes_e_alunos_ingressantes_versao11set2024.pdf
                },
}

@misc{ppc,
  organization = {Instituto Federal de S\~ao Paulo de Educa{\c c}\~ao, Ci\^encia
                  e Tecnologia},
  org-short = {IFSP},
  Howpublished = {Site do Campus São Paulo},
  Title = {Projeto Pedagógico do Curco de Bacharelado em Engenharia Eletrônica},
  Url = {
         https://spo.ifsp.edu.br/images/phocadownload/DOCUMENTOS_MENU_LATERAL_FIXO/GRADUACAO/ENGENHARIA_ELETRONICA/2020_31.03.2020/PPC_ENG_ELETRONICA_2019_V21.pdf
         },
  Urlaccessdate = {25 set 2024},
  Year = {2019},
  Bdsk-Url-1 = {
                https://spo.ifsp.edu.br/images/phocadownload/DOCUMENTOS_MENU_LATERAL_FIXO/GRADUACAO/ENGENHARIA_ELETRONICA/2020_31.03.2020/PPC_ENG_ELETRONICA_2019_V21.pdf
                },
}
